<record><leader>00000cas a22000001a 4500</leader><controlfield tag="001">32767601</controlfield><controlfield tag="007">hd afb018baca</controlfield><controlfield tag="007">hd bfb018baaa</controlfield><controlfield tag="008">950705d19201920nyudr nea     0    0eng c</controlfield><datafield ind1=" " ind2=" " tag="010"><subfield code="a">sn 94092487 </subfield></datafield><datafield ind1=" " ind2=" " tag="040"><subfield code="a">NN</subfield><subfield code="b">eng</subfield><subfield code="c">RQM</subfield><subfield code="d">OCLCQ</subfield></datafield><datafield ind1=" " ind2=" " tag="012"><subfield code="i">9507</subfield></datafield><datafield ind1=" " ind2=" " tag="042"><subfield code="a">pcc</subfield></datafield><datafield ind1=" " ind2=" " tag="043"><subfield code="a">n-us-ny</subfield></datafield><datafield ind1="0" ind2="4" tag="245"><subfield code="a">The Sun and the New York herald</subfield><subfield code="h">[microform].</subfield></datafield><datafield ind1="3" ind2="0" tag="246"><subfield code="a">Sun and New York herald</subfield></datafield><datafield ind1=" " ind2=" " tag="260"><subfield code="a">New York [N.Y.] :</subfield><subfield code="b">Sun-Herald,</subfield><subfield code="c">1920.</subfield></datafield><datafield ind1=" " ind2=" " tag="300"><subfield code="a">2 v. :</subfield><subfield code="b">ill. ;</subfield><subfield code="c">53 cm.</subfield></datafield><datafield ind1=" " ind2=" " tag="310"><subfield code="a">Daily</subfield></datafield><datafield ind1="0" ind2=" " tag="362"><subfield code="a">Vol. 87, no. 154 (Feb. 1, 1920)-v. 88, no. 30 (Sept. 30, 1920).</subfield></datafield><datafield ind1=" " ind2=" " tag="525"><subfield code="a">Includes supplements.</subfield></datafield><datafield ind1=" " ind2=" " tag="555"><subfield code="a">Subject index: Feb.-Sept. 1920.</subfield></datafield><datafield ind1=" " ind2=" " tag="580"><subfield code="a">Formed by the union of: New York herald (New York, N.Y. : 1840), and: Sun (New York, N.Y. : 1916).</subfield></datafield><datafield ind1=" " ind2=" " tag="580"><subfield code="a">Split into: Sun (New York, N.Y. : 1920), and: New York herald (New York, N.Y. : 1920).</subfield></datafield><datafield ind1=" " ind2=" " tag="533"><subfield code="a">Microfilm.</subfield><subfield code="m">Feb. 1-Sept. 30,1920. On film with related titles.</subfield><subfield code="b">New York :</subfield><subfield code="c">New York Public Library,</subfield><subfield code="d">[19--].</subfield><subfield code="e">49 microfilm reels ; 35 mm.</subfield></datafield><datafield ind1=" " ind2="4" tag="651"><subfield code="a">New York (N.Y.)</subfield><subfield code="v">Newspapers.</subfield></datafield><datafield ind1=" " ind2=" " tag="752"><subfield code="a">United States</subfield><subfield code="b">New York</subfield><subfield code="c">New York</subfield><subfield code="d">New York.</subfield></datafield><datafield ind1="1" ind2=" " tag="776"><subfield code="c">Original</subfield><subfield code="w">(DLC)sn 83030273</subfield></datafield><datafield ind1="1" ind2="4" tag="780"><subfield code="t">New York herald (New York, N.Y. : 1840)</subfield><subfield code="w">(DLC)sn 94092486</subfield></datafield><datafield ind1="1" ind2="4" tag="780"><subfield code="t">Sun (New York, N.Y. : 1916)</subfield></datafield><datafield ind1="1" ind2="6" tag="785"><subfield code="t">Sun (New York, N.Y. : 1920)</subfield><subfield code="w">(DLC)sn 94088998</subfield></datafield><datafield ind1="1" ind2="6" tag="785"><subfield code="t">New York herald (New York, N.Y. : 1920)</subfield><subfield code="w">(DLC)sn 94092488</subfield></datafield><datafield ind1=" " ind2=" " tag="850"><subfield code="a">NN</subfield><subfield code="a">NN (master)</subfield></datafield><datafield ind1="1" ind2=" " tag="029"><subfield code="a">AU@</subfield><subfield code="b">000011785330</subfield></datafield></record>